<?xml version="1.0" encoding="UTF-8"?><collection xmlns="http://www.loc.gov/MARC21/slim"><record><leader>00327nam--2200133-i-4500</leader><controlfield tag="001">000024651</controlfield><controlfield tag="002">20161230</controlfield><controlfield tag="005">20161230201035</controlfield><controlfield tag="008">060222s1000------------r-----000-0-eng-d</controlfield><datafield ind1=" " ind2=" " tag="080"><subfield code="a">621.375.9(043)</subfield></datafield><datafield ind1=" " ind2=" " tag="100"><subfield code="a">Hardin, Jean</subfield></datafield><datafield ind1=" " ind2=" " tag="245"><subfield code="a">Spectrometre autodyne a maser. these</subfield></datafield><datafield ind1=" " ind2=" " tag="260"><subfield code="a">Besancon, Univ.,1971.133 P</subfield></datafield><datafield ind1=" " ind2=" " tag="852"><subfield code="a">77871</subfield></datafield></record></collection>